@misc{LHC_Description,
title={The Large Hadron Collider},
url={https://home.cern/science/accelerators/large-hadron-collider},
organization={CERN},
note={Accessed: 2024-01-24}
}

@misc{ATLAS_Description,
title={ATLAS Experiment},
url={https://atlas.cern/},
organization={CERN},
note={Accessed: 2024-01-24}
}

@misc{CMS_Description,
title={CMS Experiment},
url={https://cms.cern/},
organization={CERN},
note={Accessed: 2024-01-24}
}

@misc{ALICE_Description,
title={ALICE Experiment},
url={https://alice.cern/},
organization={CERN},
note={Accessed: 2024-01-24}
}

@misc{LHCb_Description,
title={LHCb Experiment},
url={https://lhcb-public.web.cern.ch/},
organization={CERN},
note={Accessed: 2024-01-24}
}

@misc{SAP_ABAP_Doc,
  author = "{SAP}",
  title = "Separation of Concerns - ABAP Keyword Documentation",
  year = "2023",
  url = "https://help.sap.com/doc/abapdocu_753_index_htm/7.53/en-US/abenseperation_concerns_guidl.htm",
  note = "[Online; accessed 17-Jan-2024]"
}

@book{fowler2019refactoring,
  title={Refactoring: Improving the Design of Existing Code},
  author={Fowler, Martin},
  isbn={978-0-13-475759-9},
  year={2019},
  publisher={Pearson Education Inc.}
}

@article{kim2014refactoring,
  title={An Empirical Study of Refactoring Challenges and Benefits at Microsoft},
  author={Kim, Miryung and Zimmermann, Thomas and Nagappan, Nachiappan},
  journal={IEEE Transactions on Software Engineering},
  year={2014},
  month={March},
  day={16},
  publisher={IEEE},
  url={https://www.microsoft.com/en-us/research/wp-content/uploads/2016/02/kim-tse-2014.pdf}
}

@article{maidantchikGlanceProject,
  title={Glance Project: a database retrieval mechanism for the ATLAS detector},
  author={Maidantchik, C. and Grael, F. F. and Galvão, K. K. and Pommès, K.},
  journal={Journal or Conference Name},
  year={Year of Publication},
  organization={COPPE, UFRJ, Brazil; Escola Politécnica, UFRJ, Brazil; CERN, Switzerland}
}

@misc{Simao2023Architectural,
  author = {Simão, Mario Günter},
  title = {Architectural Patterns to Support the Development of REST APIs at CERN},
  howpublished = {Projeto de Graduação},
  school = {Escola Politécnica, Universidade Federal do Rio de Janeiro},
  year = {2023},
  month = {July},
  note = {Orientador: Flávio Luis de Mello},
  address = {Rio de Janeiro},
  type = {Graduation Project}
}

@misc{vscodeRemoteRelease,
  author = {Microsoft},
  title = {Visual Studio Code Remote Development: Open any folder in WSL, in a Docker container, or on a remote machine using SSH and take advantage of VS Code's full feature set},
  year = {2024},
  howpublished = {\url{https://github.com/Microsoft/vscode-remote-release/labels/ssh}},
  note = {Accessed: 28-Jan-2024}
}

@article{SouzaSilva2023Glance,
  author    = {Gabriel José Souza e Silva and Carlos Henrique Ferreira Brito Filho and Gloria Corti and Joel Closier},
  title     = {Glance Search Library},
  journal   = {The European Physical Journal Conferences},
  volume    = {295},
  pages     = {05006},
  year      = {2024},
  doi       = {10.1051/epjconf/202429505006},
  url       = {https://doi.org/10.1051/epjconf/202429505006},
  publisher = {EDP Sciences},
  note      = {CC BY 4.0}
}

@article{fence-2015,
  title={An object-oriented approach to deploying highly configurable Web interfaces for the ATLAS experiment},
  author={Lange, B. and Maidantchik, C. and Pommes, K. and Pavani, V. and Arosa, B. and Abreu, I. and on behalf of the ATLAS Collaboration},
  journal={J. Phys.: Conf. Ser.},
  volume={664},
  number={6},
  pages={062026},
  year={2015},
  doi={10.1088/1742-6596/664/6/062026},
  organization={ATLAS Collaboration}
}

@article{jirajql,
  title={JQL: The most flexible way to search Jira},
  author={Radigan, Dan},
  journal={Work Life by Atlassian},
  url={https://www.atlassian.com/blog/jira-software/jql-the-most-flexible-way-to-search-jira-14},
  year={2023},
  month={January}
}

@article{Nielsen2001SearchVisible,
  author = {Nielsen, Jakob},
  title = {Search: Visible and Simple},
  journal = {Nielsen Norman Group},
  url = {https://www.nngroup.com/articles/search-visible-and-simple/},
  year = {2001},
  month = {May},
  day = {12}
}

@online{RawoolAdvancedSearch,
  author = {Rawool, Abhijit},
  title = {How to Design Advanced Search Interface – Step by Step},
  year = {2024},
  url = {https://www.webapphuddle.com/how-to-design-advanced-search-interface/},
  note = {Accessed: 2024-01-28}
}

@mastersthesis{michelly,
  author = {Teixeira, Michelly de Jesus},
  title = {Decoupling User Interfaces and Business Logic in the Development of the Equipment Management System for the LHCb Experiment at CERN},
  school = {Escola Politécnica, Universidade Federal do Rio de Janeiro},
  year = {2022},
  month = {December},
  type = {Projeto de Graduação}
}

@misc{LHCbConstitution,
  title        = {{The LHCb Constitution}},
  author       = {{LHCb Collaboration}},
  year         = {2020},
  note         = {Ratified by the Collaboration Board on 4th December 2020},
  howpublished = {Available from the LHCb Collaboration},
  edition      = {Second Edition},
    url ={https://lhcb.web.cern.ch/lhcb_page/collaboration/organization/constitution/_vti_cnf/Constitution_Dec2020_RatifiedbyCB_201204.pdf},
}

@online{CustomerInterview,
  author = {Maria Rosala and Kara Pernice},
  title = {User Interviews 101},
  year = {2023},
  url = {https://www.nngroup.com/articles/user-interviews-101/},
  note = {Accessed: 2024-02-04}
}

@book{evans2003domain,
  title={Domain-Driven Design: Tackling Complexity in the Heart of Software},
  author={Evans, Eric},
  year={2003},
  publisher={Addison-Wesley Professional},
}

@report{cern_oc_11,
  author = "CERN Human Resources Department",
  title = "The processing of personal data at CERN",
  series = "Operational Circular No. 11",
  month = "Jan",
  year = "2019",
  url = "https://cds.cern.ch/record/2651311"
}

@webpage{eu_data_protection_explained,
  author = "European Commission",
  title = "Data protection - European Commission",
  url = "https://commission.europa.eu/law/law-topic/data-protection_en",
  date = "2024-02-17",
  publisher = "European Union",
  note = "Website explaining the EU's data protection rules, including the General Data Protection Regulation (GDPR)"
}

@misc{cockburn2005hexagonal,
  author = {Alistair Cockburn},
  title = {Hexagonal architecture},
  url = {https://alistair.cockburn.us/hexagonal-architecture/},
  year = {2005},
  note = {Accessed February 18, 2024}
}

@misc{happycoders2024hexagonal,
  author = {HappyCoders.eu},
  title = {Hexagonal Architecture - What Is It? Why Should You Use It?},
  url = {https://www.happycoders.eu/software-craftsmanship/hexagonal-architecture/},
  year = {2024},
  note = {Accessed February 18, 2024}
}

@misc{vuejs2023sfc,
  title = {Single-File Components},
  url = {https://v2.vuejs.org/v2/guide/single-file-components#Example-Sandbox},
  year = {2023},
  publisher = {Vue.js},
  note = {Accessed February 18, 2024}
}

@misc{VuejsDocumentation,
  author = {{Vue.js Team}},
  title = {Vue 2 End of Life (EOL) Announcement and Transition to Vue 3},
  url = {\url{https://vuejs.org/}},
  year = {2023},
  note = {Accessed February 18, 2024}
}

@misc{Adobe2023SPAs,
  author = {{Adobe Experience Cloud Team}},
  title = {Single-page applications (SPAs) — what they are and how they work},
  year = {2023},
  month = {07},
  day = {19},
  howpublished = {\url{https://business.adobe.com/blog/basics/single-page-applications-spas}},
  note = {Accessed February 21, 2024}
}

@misc{SwaggerDocs,
  author = {{SmartBear Software}},
  title = {Swagger: Simplify API Development},
  year = {2024},
  url = {https://swagger.io},
  note = {Accessed February 28, 2024}
}

@manual{FlywayDocumentation2024,
  title        = {{Flyway Documentation}},
  author       = {{Redgate}},
  year         = 2024,
  month        = {February},
   note = {Accessed March 04, 2024},
  url          = {https://flywaydb.org/documentation/},
  organization = {Redgate},
  publisher    = {Redgate},
  address      = {Cambridge, UK},
}

@misc{iso8601wikipedia,
  title        = {{ISO 8601}},
  howpublished = {\url{https://en.wikipedia.org/wiki/ISO_8601}},
  note         = {Accessed: 2024-03-09}
}

@misc{fowler2014bounded,
  title={Bounded Context},
  author={Fowler, Martin},
  year={2014},
  howpublished={\url{https://martinfowler.com/bliki/BoundedContext.html}},
  note={Accessed: 2024-03-10}
}

@article{ShopifyModularMonoly,
  title={Deconstructing the Monolith: Designing Software that Maximizes Developer Productivity},
  author={Kirsten Westeinde},
  journal={Shopify Engineering Blog},
  year={2019},
  url={https://shopify.engineering/deconstructing-monolith-designing-software-maximizes-developer-productivity},
  note={Accessed: 2024-03-12}
}

@misc{su2024modular,
  title={Modular Monolith: Is This the Trend in Software Architecture?},
  author={Su, Ruoyu and Li, Xiaozhou},
  year={2024},
  publisher={M3S University of Oulu},
  address={Oulu, Finland},
  url={\url{https://arxiv.org/abs/2401.11867}},
  note={Accessed: 2024-03-19}
}

@misc{alcm,
  title={CERN ALCM Public Analysis},
  howpublished={\url{https://lbfence.cern.ch/alcm/public/analysis}},
  note={Accessed: 2024-05-14}
}